@article{Bland1948,
    title = {The Calculation of Roll Force and Torque in Cold Strip Rolling with Tensions},
    volume = {159},
    ISSN = {0020-3483, 2058-1203},
    DOI = {10.1243/PIME_PROC_1948_159_015_02},
    number = {1},
    journal = {Proceedings of the Institution of Mechanical Engineers},
    author = {Bland, D. R. and Ford, Hugh},
    year = {1948},
    month = {Jun},
    pages = {144–163},
    language = {en} }

@book{Bryant1973,
    address = {London},
    edition = {1},
    title = {Automation of Tandem Rolling Mills},
    publisher = {The Iron and Steel Institute},
    author = {Bryant, G. F.},
    year = {1973} }

@article{Ford1951,
    title = {Cold rolling with strip tension I - a new approxmate method of calculation and a comparison with other methods},
    note = {Citation Key: Ford1951},
    journal = {Journal of the Iron and Steel Institute},
    author = {Ford, H. and Ellis, F. and Bland, D. R.},
    year = {1951},
    pages = {57–72} }

@phdthesis{Kunzman1977,
    type = {PhD Thesis},
    title = {Verfahrenoptimierung gezeigt am Beispiel des Streckkaliberwalzens},
    school = {Technische Universität Bergakademie Freiberg},
    author = {Kunzman, Erich},
    year = {1977},
    language = {de}
}

@article{Siebel1925,
    title = {Kräfte und Materialfluß bei der bildsamen Formgebung},
    volume = {45},
    number = {37},
    journal = {Stahl und Eisen},
    author = {Siebel, E.},
    year = {1925},
    pages = {3},
    language = {de} }

@article{Sims1954,
    title = {The Calculation of Roll Force and Torque in Hot Rolling Mills},
    volume = {168},
    ISSN = {0020-3483, 2058-1203},
    DOI = {10.1243/PIME_PROC_1954_168_023_02},
    number = {1},
    journal = {Proceedings of the Institution of Mechanical Engineers},
    author = {Sims, R. B.},
    year = {1954},
    month = {Jun},
    pages = {191–200},
    language = {en} }
